2109 3400
422 67 449 204 (
485 100 552 199 40
587 64 614 199 )

125 232 272 320 satione
281 231 560 340 Campanorum
571 225 823 340 delignarenn
845 227 919 317 h'ac
1003 261 1007 268 ·

125 345 360 448 conditione,
386 365 432 430 ut
446 342 506 428 bis
524 342 569 428 in
586 368 704 445 anno,
728 341 921 428 Donaimcd

125 466 265 570 nempe
275 458 493 560 Palmarum,
519 460 562 542 &
577 453 766 568 Paschata's
784 454 920 565 insol·

124 567 247 658 lemni
264 567 497 672 Prooeffione
511 574 593 654 una
611 567 922 654 cumeanonicis

123 682 254 770 Sanni
276 685 379 770 Petri
402 679 682 769 Exouienfibus
701 679 920 767 deambula·

124 817 226 883 rent.
273 797 481 883 ,Formulas
506 822 665 910 quoque
689 795 832 894 multas
849 795 922 880 So·

125 909 374 1012 dalitiorum,
396 907 463 994 seu
477 907 800 1012 Fraternitatum,
823 935 921 1016 pru·

107 1022 237 1132 'cipue
255 1021 298 1107 in
317 1019 708 1124 DioecofiExonienfi,
732 1020 783 1104 ad
802 1018 921 1146 piena·

125 1154 205 1221 tem
219 1134 533 1246 promovendam,
549 1133 848 1249 charitatemque
859 1159 921 1218 ln·
1036 1160 1043 1166 ·

125 1248 249 1334 vicem
294 1249 592 1334 conservandam
631 1246 921 1349 institutorum,

125 1360 313 1471 p'roducit.
368 1361 463 1446 Haee
489 1358 674 1446 sodalitia
696 1358 745 1443 ab
764 1358 921 1469 Episco-
1023 1380 1032 1390 ’

91 1537 94 1540 -
125 1473 185 1586 pis
213 1473 456 1584 pendebant3
491 1470 770 1587 sodaliumque
798 1471 921 1556 unus-

127 1587 293 1703 quisque
310 1615 456 1672 annuas
472 1585 685 1672 oblationes
698 1612 768 1693 pro
785 1583 920 1695 seipso3

127 1723 174 1785 ut
192 1707 235 1787 ὃ(
249 1731 320 1811 pro
333 1698 548 1785 Animabus
565 1697 754 1785 sodalium
771 1719 921 1782 mortu·

125 1842 242 1899 orum
259 1813 463 1899 Canonicis
488 1809 768 1895 Exonienfibus
793 1809 921 1915 perso·

126 1928 306 2013 loturum
334 1922 548 2034 recipiebat.
603 1919 780 2009 Nomina
800 1918 919 2006 soda-

126 2038 249 2139 lium,
275 2042 318 2122 &
340 2038 539 2121 Locorum
563 2061 649 2147 quae
682 2033 920 2136 incolebant,

127 2148 367 2237 Membranls
396 2146 670 2232 inscribuntur.
733 2146 921 2231 Sodalita-

127 2288 215 2348 tum
270 2289 397 2376 uoque
427 2262 593 2345 duarum
626 2258 835 2367 infignium
866 2259 919 2341 E-

128 2292 285 2486 xempla
302 2377 389 2478 dat,
415 2372 573 2459 alterius
593 2372 918 2457 Monasteriorum

128 2516 219 2575 cum
229 2486 471 2573 Monosteriis
480 2484 665 2597 Episcopo
679 2484 920 2593 approbante,

126 2602 285 2687 alterius
302 2602 510 2687 Laioorum
527 2596 597 2684 fibi
614 2601 755 2683 mutub
774 2596 919 2683 auxilia

130 2716 176 2800 in
193 2715 304 2800 rebus
321 2712 482 2798 adversis
497 2709 793 2827 quibuscunque
805 2707 919 2817 pelli*

131 2828 326 2939 oentium:
351 2826 547 2911 Postumo
565 2822 731 2937 denique
743 2821 826 2933 post
839 2820 919 2905 for-

131 2942 253 3048 mulas
272 2938 412 3045 multas
426 2935 768 3032 Manumiffionum
784 2960 921 3135 refenv

838 3068 923 3151 ms,
